<?xml version="1.0" encoding="UTF-8"?><record xmlns="http://www.loc.gov/MARC21/slim" xmlns:cinclude="http://apache.org/cocoon/include/1.0" xmlns:zs="http://www.loc.gov/zing/srw/">
  <leader>00348nz  a2200133n  4500</leader>
  <controlfield tag="001">no2007024077</controlfield>
  <controlfield tag="003">DLC</controlfield>
  <controlfield tag="005">20070307075327.0</controlfield>
  <controlfield tag="008">070227n| acannaabn          |n ana     c</controlfield>
  <datafield tag="010" ind1=" " ind2=" ">
    <subfield code="a">no2007024077</subfield>
  </datafield>
  <datafield tag="035" ind1=" " ind2=" ">
    <subfield code="a">(OCoLC)oca07344886</subfield>
  </datafield>
  <datafield tag="040" ind1=" " ind2=" ">
    <subfield code="a">OBgU</subfield>
    <subfield code="b">eng</subfield>
    <subfield code="c">OBgU</subfield>
  </datafield>
  <datafield tag="110" ind1="2" ind2=" ">
    <subfield code="a">Chaos! Comics</subfield>
  </datafield>
  <datafield tag="670" ind1=" " ind2=" ">
    <subfield code="a">The Chaos! bible, 1995:</subfield>
    <subfield code="b">t.p. (Chaos! Comics; publisher)</subfield>
  </datafield>
</record>